@online{exampleid1,
    title = {Honkai: Star Rail confirms April 26th release date},
    author = {Smith, Graham},
    url = {https://www.rockpapershotgun.com/honkai-star-rail-confirms-april-26th-release-date},
}
@article{luthi_expanding_2009,
	title = {Expanding the {Q}–{R} space to three dimensions},
	volume = {641},
	issn = {1469-7645, 0022-1120},
	journal = {J. Fluid Mech.},
	author = {L\"{u}thi, B. and Holzner, M. and Tsinober, A.},
	month = dec,
	year = {2009},
	keywords = {dynamics, isotropic, theory},
	pages = {497--507},
}

@article{jeong_velocity-gradient_2003,
	title = {Velocity-Gradient Dynamics in Turbulence: {Effect} of Viscosity and Forcing},
	volume = {16},
	issn = {1432-2250},
	shorttitle = {Velocity-{Gradient} {Dynamics} in {Turbulence}},
	journal = {Theor. Comput. Fluid Dyn.},
	author = {Jeong, E. and Girimaji, S. S.},
	month = aug,
	year = {2003},
	keywords = {Euler Equation, Isotropic Turbulence, Strain Rate Tensor, Velocity Gradient, Vorticity},
	pages = {421--432},
}
@article{xu_wall_2015,
	title = {壁湍流相干结构和减阻控制机理},
	volume = {45},
	journal = {力学进展},
	author = {许春晓},
	year = {2015},
	pages = {201504},
	key ={xu chunxiao}
}
